<record xmlns="http://www.loc.gov/MARC21/slim" xmlns:xsi="http://www.w3.org/2001/XMLSchema-instance" xsi:schemaLocation="http://www.loc.gov/MARC21/slim http://www.loc.gov/standards/marcxml/schema/MARC21slim.xsd"><leader>00037nz   2200037n  4500</leader><controlfield tag="001">BAV|ADV11492610</controlfield><controlfield tag="008">961125|||ac|||aab||||||||||||a|aac     d</controlfield><controlfield tag="003">BAV</controlfield><datafield ind1="0" ind2=" " tag="100"><subfield code="a">Fredegarius,</subfield><subfield code="d">sec. VII-VIII</subfield></datafield><datafield ind1="0" ind2=" " tag="400"><subfield code="a">Fredegarius scholasticus,</subfield><subfield code="d">sec. VII-VIII</subfield></datafield><datafield ind1="0" ind2=" " tag="400"><subfield code="a">Pseudo-Fredegarius,</subfield><subfield code="d">sec. VII-VIII</subfield></datafield><datafield ind1="0" ind2=" " tag="400"><subfield code="a">Fredegario,</subfield><subfield code="d">sec. VII-VIII</subfield></datafield><datafield ind1=" " ind2=" " tag="670"><subfield code="a">DOC</subfield></datafield><datafield ind1=" " ind2=" " tag="910"><subfield code="a">s georgii florentii gregorii episcopi turonensis opera omnia necnon fredegarii scholastici epitome et chronicum cum suis continuatoribus et aliis antiquis monumentis</subfield><subfield code="9">1</subfield><subfield code="A">S. Georgii Florentii Gregorii episcopi turonensis opera omnia, necnon Fredegarii Scholastici Epitome et chronicum cum suis continuatoribus et aliis antiquis monumentis :</subfield><subfield code="l">lat</subfield></datafield><datafield ind1=" " ind2=" " tag="921"><subfield code="a">venit apud editorem</subfield><subfield code="9">1</subfield><subfield code="b">venit apud editorem,</subfield><subfield code="l">lat</subfield></datafield><datafield ind1=" " ind2=" " tag="922"><subfield code="a">fr</subfield><subfield code="9">1</subfield></datafield><datafield ind1=" " ind2=" " tag="940"><subfield code="a">lat</subfield><subfield code="9">1</subfield></datafield><datafield ind1=" " ind2=" " tag="943"><subfield code="a">184x</subfield><subfield code="9">1</subfield></datafield><datafield ind1=" " ind2=" " tag="944"><subfield code="a">am</subfield><subfield code="9">1</subfield></datafield><datafield ind1=" " ind2=" " tag="950"><subfield code="a">ruinart thierry</subfield><subfield code="9">1</subfield><subfield code="A">Ruinart, Thierry,</subfield><subfield code="c">O.S.B.,</subfield><subfield code="d">1657-1709</subfield><subfield code="l">lat</subfield></datafield><datafield ind1=" " ind2=" " tag="950"><subfield code="a">gregorius</subfield><subfield code="9">1</subfield><subfield code="A">Gregorius,</subfield><subfield code="c">s., vesc. di Tours,</subfield><subfield code="d">538-594</subfield><subfield code="l">lat</subfield></datafield><datafield ind1=" " ind2=" " tag="996"><subfield code="2">NKC|ola2003182075</subfield></datafield><datafield ind1=" " ind2=" " tag="996"><subfield code="2">BNF|12300823</subfield></datafield><datafield ind1=" " ind2=" " tag="997"><subfield code="a">600 700 flourished</subfield><subfield code="9">1</subfield></datafield><datafield ind1=" " ind2=" " tag="998"><subfield code="a">Fredegarius</subfield><subfield code="c">Scholasticus</subfield><subfield code="d">fl.7./8. Jh.</subfield><subfield code="2">DNB|118873512</subfield><subfield code="3">date: (True, 600, 700)</subfield></datafield></record>